<record><leader>00000cas a22000007a 4500</leader><controlfield tag="001">28957924</controlfield><controlfield tag="008">931008d18uu1uuumsuir ne      0    0eng d</controlfield><datafield ind1=" " ind2=" " tag="010"><subfield code="a">sn 93065800 </subfield></datafield><datafield ind1=" " ind2=" " tag="040"><subfield code="a">NVJ</subfield><subfield code="b">eng</subfield><subfield code="c">NVJ</subfield><subfield code="d">OCLCQ</subfield></datafield><datafield ind1=" " ind2=" " tag="042"><subfield code="a">msc</subfield></datafield><datafield ind1="0" ind2="0" tag="245"><subfield code="a">Triweekly Columbus Democrat.</subfield></datafield><datafield ind1=" " ind2=" " tag="260"><subfield code="a">Columbus, Miss. :</subfield><subfield code="b">C.H. Orr</subfield></datafield><datafield ind1=" " ind2=" " tag="300"><subfield code="a">v.</subfield></datafield><datafield ind1=" " ind2=" " tag="310"><subfield code="a">Triweekly</subfield></datafield><datafield ind1=" " ind2=" " tag="588"><subfield code="a">Description based on: No. 64 (Apr. 30, 1886).</subfield></datafield><datafield ind1=" " ind2=" " tag="752"><subfield code="a">United States</subfield><subfield code="b">Mississippi</subfield><subfield code="c">Lowndes</subfield><subfield code="d">Columbus.</subfield></datafield></record>